@article{vhcs_for_el_systems,
  title = {Virtual Holonomic Constraints for Euler-Lagrange Systems},
  author = {Manfredi Maggiore and Luca Consolini},
  journal = {IEEE Transactions on Automatic Control},
  volume = {58},
  number = {4},
  month = {April},
  year = {2013},
  doi={10.1109/TAC.2012.2215538}, 
  ISSN={0018-9286}, 
  pages = {1001 -- 1008},
}

@article{pendulum_length_giant_gymnastics,
  title = {Regulation of Pendulum Length as a Control Mechanism in Performing the Backward Giant Circle in Gymnastics},
  author = {Violaine Sevrez and Eric Berton and Guillaume Rao and Reinoud J. Bootsma},
  journal = {Human Movement Science},
  volume = {28},
  number = {2},
  month = {March},
  year = {2009},
  pages = {250 -- 262},
}
@mastersthesis{my-thesis,
  title = {Energy Injection for Mechanical Systems Using Virtual Nonholonomic Constraints},
  author = {Adan Moran-MacDonald},
  school = {University of Toronto},
  year = {2021}
}

@mastersthesis{xingbo-thesis,
  title = {Motion Control of a Gymnastics Robot Using Virtual Holonomic Constraints},
  author = {Xingbo Wang},
  school = {University of Toronto},
  year = {2016},
}

@article{hybrid_zero_dynamics_bipedal_nhvcs,
  title = {Hybrid Zero Dynamics of Bipedal Robots under Nonholonomic Virtual Constraints},
  author = {Jonathan Horn and Alireza Mohammadi and Kaveh Hamed and Robert Gregg},
  journal = {IEEE Control Systems Letters},
  volume = {3},
  number = {2},
  month = {April},
  year = {2019},
  pages = {386 -- 391},
  doi = {10.1109/lcsys.2018.2888571},
}

@inproceedings{vnhc-biped-robot,
    author = {Brent Griffin and Jesse Grizzle},
    title = {Nonholonomic virtual constraints for dynamic walking},
    booktitle = {2015 54th Conference on Decision and Control (CDC)},
    year = {2015},
    doi = {10.1109/CDC.2015.7402850},
    publisher = {IEEE},
}

@inproceedings{vnhc-human-robot-coop,
    author = {T. Takubo and H. Arai and K. Tanie},
    title = {Virtual nonholonomic constraint for human-robot cooperation in 3-D space},
    booktitle = {Proceedings. 2000 IEEE/RSJ International Conference on Intelligent Robots and Systems (IROS 2000) (Cat. No.00CH37113)},
    year = {2000},
    doi = {10.1109/IROS.2000.894621},
    publisher = {IEEE},
}

@article{snake-robot, 
    author={A. Mohammadi and E. Rezapour and M. Maggiore and K. Y. Pettersen}, 
    journal={IEEE Transactions on Control Systems Technology}, 
    title={Maneuvering Control of Planar Snake Robots Using Virtual Holonomic Constraints}, 
    year={2016}, 
    volume={24}, 
    number={3}, 
    pages={884-899}, 
    doi={10.1109/TCST.2015.2467208}, 
    ISSN={1063-6536}, 
    month={May},
}

@article{bicycle, 
    title={Control of a bicycle using virtual holonomic constraints}, 
    volume={49}, 
    DOI={10.1016/j.automatica.2013.05.021}, 
    number={9}, 
    journal={Automatica}, 
    author={Consolini, Luca and Maggiore, Manfredi}, 
    year={2013}, 
    month={September}, 
    pages={2831–2839},
}

@inproceedings{brachiation,
    author={T. Fukuda and S. Kojima and K. Sekiyama and Y. Hasegawa}, 
    booktitle={2007 IEEE/RSJ International Conference on Intelligent Robots and Systems}, 
    title={Design method of brachiation controller based on virtual holonomic constraint}, 
    year={2007}, 
    pages={450-455}, 
    ISSN={2153-0858}, 
    month={Oct},
}

@inproceedings{helicopter, 
    author={S. Westerberg and U. Mettin and A. S. Shiriaev and L. B. Freidovich and Y. Orlov}, 
    booktitle={2009 International Conference on Advanced Robotics}, 
    title={Motion planning and control of a simplified helicopter model based on virtual holonomic constraints}, 
    year={2009}, 
    pages={1-6}, 
    month={June},
}

@article{bipedal-motion, 
    title={Models, feedback control, and open problems of 3D bipedal robotic walking}, 
    volume={50}, 
    DOI={10.1016/j.automatica.2014.04.021},
    number={8}, 
    journal={Automatica}, 
    author={Grizzle, Jessy W. and Chevallereau, Christine and Sinnet, Ryan W. and Ames, Aaron D.}, 
    year={2014}, 
    month={Aug}, 
    pages={1955–1988}
}

@article{stable-walking, 
    author={F. Plestan and J. W. Grizzle and E. R. Westervelt and G. Abba}, 
    journal={IEEE Transactions on Robotics and Automation}, 
    title={Stable walking of a 7-DOF biped robot}, 
    year={2003}, 
    volume={19}, 
    number={4}, 
    pages={653-668}, 
    doi={10.1109/TRA.2003.814514}, 
    ISSN={1042-296X}, 
    month={Aug},
}

@article{manfredi-orbit-stabilization,
    author = {Alireza Mohammadi and Manfredi Maggiore and Luca Consolini},
    title = {Dynamic virtual holonomic constraints for stabilization of closed orbits in underactuated mechanical systems},
    journal = {Automatica},
    volume = {94},
    pages = {112--124},
    year = {2018},
    month = {March},
    doi = {10.1016/j.automatica.2018.04.023}
}

@booklet{usagym_giant,
  title = {The biomechanics principles behind training Giant swings},
  author = {P. E. Pidcoe},
  howpublished = {Online},
  address = {Virginia Commonwealth University, Richmond, VA, USA},
  month = {August},
  year = {2005},
  note = {Accessed 11 September 2020. \url{https://usagym.org/pages/home/publications/technique/2005/8/giant.pdf}},
}
