@article{hamiltonian_nonholonomic_systems,
  title = {On the Hamiltonian Formulation of Nonholonomic Mechanical Systems},
  author = {A. J. Van der Schaft},
  journal = {Reports on Mathematical Physics},
  volume = {34},
  number = {2},
  year = {1994},
  pages = {225 -- 233},
}

@article{how_to_pump_a_swing,
  title = {How to Pump a Swing},
  author = {Stephen Wirkus and Richard Rand and Andy Ruina},
  journal = {The College Mathematics Journal},
  volume = {29},
  number = {4},
  year = {1998},
  pages = {266 -- 275},
  doi = {10.1080/07468342.1998.11973953},
}

@article{integrating_factors,
  title = {Integrating Factors and First Integrals for Ordinary Differential Equations},
  author = {Stephen C. Anco and George Bluman},
  journal = {European Journal of Applied Mathematics},
  volume = {9},
  year = {1998},
  pages = {245 -- 259},
  publisher = {Cambridge Press},
}

@article{multiple_lyapunov_functions,
  title = {Multiple Lyapunov Functions and Other Analysis Tools for Switched and Hybrid Systems},
  author = {Michael S. Branicky},
  journal = {IEEE Transactions on Automatic Control},
  volume = {43},
  number = {4},
  month = {April},
  year = {1998},
  pages = {475 -- 482},
}

@article{control_giant_two_link_gymnastic_robot,
  title = {Control of Giant Swing Motion of a Two-Link Horizontal Bar Gymnastic Robot},
  author = {Kyosuke Ono and Koji Yamamoto and Atushi Imadu},
  journal = {Advanced Robotics},
  volume = {15},
  number = {4},
  year = {2001},
  pages = {449 -- 465},
  doi = {10.1163/156855301750398356},
}

@article{swingup_acrobot_pendulum,
  title = {A Swing-up of the Acrobot Based on a Simple Pendulum Strategy},
  author = {Arun D. Mahindrakar and Ravi N. Banavar},
  journal = {International Journal of Control},
  volume = {78},
  number = {6},
  year = {2005},
  pages = {424 -- 429},
  doi = {10.1080/00207170500056835},
}

@article{nonholonomic_dynamics,
  title = {Nonholonomic Dynamics},
  author = {Anthony M. Bloch and Jerrald E. Marsden and Dmitry V. Zenkov},
  journal = {Notices of the AMS},
  volume = {52},
  number = {3},
  month = {March},
  year = {2005},
  pages = {320 -- 329},
}

@article{pumping_swing_standing_squatting,
  title = {Pumping a Swing by Standing and Squatting: Do Children Pump Time-Optimally?},
  author = {Benedetto Piccoli and Jayant Kulkarni},
  journal = {IEEE Control Systems Magazine},
  volume = {25},
  number = {4},
  month = {August},
  year = {2005},
  pages = {48 -- 56},
}

@phdthesis{hamiltonization_of_nh_systems,
  title = {The Hamiltonization of Nonholonomic Systems and its Applications},
  author = {Oscar E. Fernandez},
  school = {University of Michigan},
  year = {2009},
}

@article{pendulum_length_giant_gymnastics,
  title = {Regulation of Pendulum Length as a Control Mechanism in Performing the Backward Giant Circle in Gymnastics},
  author = {Violaine Sevrez and Eric Berton and Guillaume Rao and Reinoud J. Bootsma},
  journal = {Human Movement Science},
  volume = {28},
  number = {2},
  month = {March},
  year = {2009},
  pages = {250 -- 262},
}

@conference{energy_pumping_robotic_swinging,
  title = {A Novel Energy Pumping Strategy for Robotic Swinging},
  booktitle = {2009 17th Mediterranean Conference on Control and Automation},
  author = {Evangelos Papadopoulos and Georgios Papadopoulos},
  month = {June},
  year = {2009},
  address = {Thessaloniki, Greece},
  publisher = {IEEE},
  doi = {10.1109/MED.2009.5164664},
}

@conference{dynamical_servo_acrobot_vc,
  title = {The Dynamical Servo Control Problem for the Acrobot Based on Virtual Constraints Approach},
  booktitle = {The 2009 IEEE/RSJ International Conference on Intelligent Robots and Systems},
  author = {Xiaohua Zhang and Hongtai Cheng and Yini Zhao and Bingtuan Gao},
  month = {October},
  year = {2009},
  address = {St. Louis, USA},
  publisher = {IEEE},
  doi = {10.1109/IROS.2009.5354570},
}

@conference{multiple_lyapunov_functions_switched_systems,
  title = {A Multiple Lyapunov Functions Approach for Stability of Switched Systems},
  booktitle = {2010 American Control Conference},
  author = {Jin Lu and Lyndon J. Brown},
  month = {July},
  year = {2010},
  address = {Baltimore, USA},
  publisher = {IEEE},
  doi = {10.1109/ACC.2010.5530464},
}

@article{vhcs_for_el_systems,
  title = {Virtual Holonomic Constraints for Euler-Lagrange Systems},
  author = {Manfredi Maggiore and Luca Consolini},
  journal = {IEEE Transactions on Automatic Control},
  volume = {58},
  number = {4},
  month = {April},
  year = {2013},
  pages = {1001 -- 1008},
}

@article{vlp_energy_shaping,
  title = {Trajectory Tracking Control of Variable Length Pendulum by Partial Energy Shaping},
  author = {Xin Xin and Yannian Liu},
  journal = {Communications in Nonlinear Science and Numerical Simulations},
  volume = {19},
  number = {5},
  month = {May},
  year = {2014},
  pages = {1544 -- 1556},
}

@conference{swingup_giant_acrobot,
  title = {Reproduction of Swing-up and Giant Swing Motion of Acrobot Based on a Technique of the Horizontal Bar Gymnast},
  booktitle = {Proceedings of the 11th World Congress on Intelligent Control and Automation},
  author = {Tomohiro Henmi and Misuzu Chujo and Yuichiro Ohta and Mingcong Deng},
  month = {June},
  year = {2014},
  address = {Shenyang, China},
  publisher = {IEEE},
  doi = {10.1109/WCICA.2014.7053137},
}

@article{constrained_hamiltonian_systems,
  title = {Constrained Motion of Hamiltonian Systems},
  author = {Firdaus Udwadia},
  journal = {Nonlinear Dynamics},
  volume = {84},
  number = {3},
  month = {December},
  year = {2015},
  pages = {1135 -- 1145},
  doi = {10.1007/s11071-015-2558-3},
}

@mastersthesis{xingbo_thesis,
  title = {Motion Control of a Gymnastics Robot Using Virtual Holonomic Constraints},
  author = {Xingbo Wang},
  school = {University of Toronto},
  year = {2016},
}

@article{lagrangian_structure_reduced_dynamics_vhcs,
  title = {On the Lagrangian Structure of Reduced Dynamics under Virtual Holonomic Constraints},
  author = {Alireza Mohammadi and Manfredi Maggiore and Luca Consolini},
  journal = {ESAIM: Control, Optimization and Calculus of Variations},
  volume = {23},
  number = {3},
  month = {June},
  year = {2017},
  pages = {913 -- 935},
}

@article{dynamic_vhcs_stabilize_closed_orbits,
  title = {Dynamic Virtual Holonomic Constraints for Stabilization of Closed Orbits in Underactuated Mechanical Systems},
  author = {Alireza Mohammadi and Manfredi Maggiore and Luca Consolini},
  journal = {Automatica},
  volume = {94},
  month = {August},
  year = {2018},
  pages = {112 -- 124},
}

@article{hybrid_zero_dynamics_bipedal_nhvcs,
  title = {Hybrid Zero Dynamics of Bipedal Robots under Nonholonomic Virtual Constraints},
  author = {Jonathan Horn and Alireza Mohammadi and Kaveh Hamed and Robert Gregg},
  journal = {IEEE Control Systems Letters},
  volume = {3},
  number = {2},
  month = {April},
  year = {2019},
  pages = {386 -- 391},
  doi = {10.1109/lcsys.2018.2888571},
}

@book{khalil_nonlinear,
  title = {Nonlinear Systems},
  author = {Hassan K. Khalil},
  publisher = {Prentice Hall},
  address = {Upper Saddle River, NJ 07485},
  edition = {3},
  year = {2002},
  isbn = {0-13-067389-7},
}

@book{greenwood_dynamics,
  title = {Principles of Dynamics},
  author = {Donald T. Greenwood},
  publisher = {Prentice Hall},
  address = {Englewood Cliffs, NJ},
  edition = {2},
  year = {1987}
}

@book{landau_mechanics,
  title = {Mechanics},
  author = {Lev Davidovich Landau and Evgeny Mikhailovich Lifschitz},
  publisher = {Butterworth-Heinemann},
  edition = {3},
  year = {1982},
  month = {January},
  isbn = {9780750628968},
}

@article{ida_pbc_underactuation_one,
  title = {Interconnection and Damping Assignment Passivity-Based Control of Mechanical Systems with Underactuation Degree One},
  author = {Jose Angel Acosta and Romeo ortega and Alessandro Astolfi and Arun Mahindrakar},
  journal = {IEEE Transactions on Automatic Control},
  year = {2005},
  month = {December},
  volume = {50},
  number = {12},
  pages = {1936 -- 1955},
}

@conference{ida_pbc_acrobot_example,
  title = {Further Constructive Results on Interconnection and Damping Assignment Control of Mechanical Systems: The Acrobot Example},
  booktitle = {Proceedings of the 2006 American Control Conference},
  author = {Arun Mahindrakar and Alessandro Astolfi and Romeo Ortega and Giuseppe Viola},
  year = {2006},
  month = {June},
  address = {Minneapolis, Minnesota, USA},
  publisher = {American Control Conference},
}

@article{vhc_robotic_walking,
  title = {Models, Feedback Control, and Open Problems of 3D Bipedal Robotic Walking},
  author = {Jessy Grizzle and Christine Chevallereau and Ryan Sinnet and Aaron Ames},
  journal = {Automatica},
  year = {2014},
  month = {August},
  volume = {50},
  number = {8},
  pages = {1955 -- 1988},
  doi = {10.1016/j.automatica.2014.04.021},
}

@article{vhc_stable_walking,
  title = {Stable Walking of a 7-DOF Biped Robot},
  author = {Franck Plestan and Jessy Grizzle and Eric R. Westervelt and Gabriel Abba},
  journal = {IEEE Transactions on Robotics and Automation},
  year = {2003},
  month = {August},
  volume = {19},
  number = {4},
  pages = {653--668},
  doi = {10.1109/TRA.2003.814514},
}

@article{vhc_snake,
  title = {Maneuvering Control of Planar Snake Robots Using Virtual Holonomic Constraints},
  author = {Alireza Mohammadi and Ehsan Rezapour and Manfredi Maggiore and Kristin Y. Pettersen},
  journal = {IEEE Transactions on Control Systems Technology},
  year = {2015},
  month = {May},
  volume = {24},
  number = {3},
  pages = {884 -- 899},
  doi = {10.1109/TCST.2015.2467208},
}

@article{vhc_bicycle,
  title = {Control of a Bicycle Using Virtual Holonomic COnstraints},
  author = {Luca Consolini and Manfredi Maggiore},
  journal = {Automatica},
  year = {2013},
  month = {September},
  volume = {49},
  number = {9},
  pages = {2831--2839},
  doi = {10.1016/j.automatica.2013.05.021},
}

@conference{vhc_helicopter,
  title = {Motion Planning and Control of a Simplified Helicopter Model Based on Virtual Holonomic Constraints},
  author = {Simon Westerberg and Uwe Mettin and Anton S. Shiriaev and Leonid B. Freidovich and Yury Orlov},
  booktitle = {2009 International Conference on Advanced Robotics},
  year = {2009},
  month = {June},
  address = {Munich, Germany},
  publisher = {IEEE},
  pages = {1--6},
}

