@article{vhcs_for_el_systems,
  title = {Virtual Holonomic Constraints for Euler-Lagrange Systems},
  author = {Manfredi Maggiore and Luca Consolini},
  journal = {IEEE Transactions on Automatic Control},
  volume = {58},
  number = {4},
  month = {April},
  year = {2013},
  pages = {1001 -- 1008},
}
