@article{vhcs_for_el_systems,
  title = {Virtual Holonomic Constraints for Euler-Lagrange Systems},
  author = {Manfredi Maggiore and Luca Consolini},
  journal = {IEEE Transactions on Automatic Control},
  volume = {58},
  number = {4},
  month = {April},
  year = {2013},
  pages = {1001 -- 1008},
}

@mastersthesis{xingbo_thesis,
  title = {Motion Control of a Gymnastics Robot Using Virtual Holonomic Constraints},
  author = {Xingbo Wang},
  school = {University of Toronto},
  year = {2016},
}

@article{hybrid_zero_dynamics_bipedal_nhvcs,
  title = {Hybrid Zero Dynamics of Bipedal Robots under Nonholonomic Virtual Constraints},
  author = {Jonathan Horn and Alireza Mohammadi and Kaveh Hamed and Robert Gregg},
  journal = {IEEE Control Systems Letters},
  volume = {3},
  number = {2},
  month = {April},
  year = {2019},
  pages = {386 -- 391},
  doi = {10.1109/lcsys.2018.2888571},
}
